%YAML 1.1
%TAG !u! tag:unity3d.com,2011:
--- !u!29 &1
OcclusionCullingSettings:
  m_ObjectHideFlags: 0
  serializedVersion: 2
  m_OcclusionBakeSettings:
    smallestOccluder: 5
    smallestHole: 0.25
    backfaceThreshold: 100
  m_SceneGUID: 00000000000000000000000000000000
  m_OcclusionCullingData: {fileID: 0}
--- !u!104 &2
RenderSettings:
  m_ObjectHideFlags: 0
  serializedVersion: 9
  m_Fog: 0
  m_FogColor: {r: 0.5, g: 0.5, b: 0.5, a: 1}
  m_FogMode: 3
  m_FogDensity: 0.01
  m_LinearFogStart: 0
  m_LinearFogEnd: 300
  m_AmbientSkyColor: {r: 0.212, g: 0.227, b: 0.259, a: 1}
  m_AmbientEquatorColor: {r: 0.114, g: 0.125, b: 0.133, a: 1}
  m_AmbientGroundColor: {r: 0.047, g: 0.043, b: 0.035, a: 1}
  m_AmbientIntensity: 1
  m_AmbientMode: 0
  m_SubtractiveShadowColor: {r: 0.42, g: 0.478, b: 0.627, a: 1}
  m_SkyboxMaterial: {fileID: 2100000, guid: dd2f5f97bbf99344fb0a18b074fc86f0, type: 2}
  m_HaloStrength: 0.5
  m_FlareStrength: 1
  m_FlareFadeSpeed: 3
  m_HaloTexture: {fileID: 0}
  m_SpotCookie: {fileID: 10001, guid: 0000000000000000e000000000000000, type: 0}
  m_DefaultReflectionMode: 0
  m_DefaultReflectionResolution: 128
  m_ReflectionBounces: 1
  m_ReflectionIntensity: 1
  m_CustomReflection: {fileID: 0}
  m_Sun: {fileID: 705507994}
  m_IndirectSpecularColor: {r: 0.44643778, g: 0.4662035, b: 0.46352708, a: 1}
  m_UseRadianceAmbientProbe: 0
--- !u!157 &3
LightmapSettings:
  m_ObjectHideFlags: 0
  serializedVersion: 12
  m_GIWorkflowMode: 1
  m_GISettings:
    serializedVersion: 2
    m_BounceScale: 1
    m_IndirectOutputScale: 1
    m_AlbedoBoost: 1
    m_EnvironmentLightingMode: 0
    m_EnableBakedLightmaps: 1
    m_EnableRealtimeLightmaps: 0
  m_LightmapEditorSettings:
    serializedVersion: 12
    m_Resolution: 2
    m_BakeResolution: 40
    m_AtlasSize: 1024
    m_AO: 0
    m_AOMaxDistance: 1
    m_CompAOExponent: 1
    m_CompAOExponentDirect: 0
    m_ExtractAmbientOcclusion: 0
    m_Padding: 2
    m_LightmapParameters: {fileID: 0}
    m_LightmapsBakeMode: 1
    m_TextureCompression: 1
    m_FinalGather: 0
    m_FinalGatherFiltering: 1
    m_FinalGatherRayCount: 256
    m_ReflectionCompression: 2
    m_MixedBakeMode: 2
    m_BakeBackend: 1
    m_PVRSampling: 1
    m_PVRDirectSampleCount: 32
    m_PVRSampleCount: 500
    m_PVRBounces: 2
    m_PVREnvironmentSampleCount: 500
    m_PVREnvironmentReferencePointCount: 2048
    m_PVRFilteringMode: 2
    m_PVRDenoiserTypeDirect: 0
    m_PVRDenoiserTypeIndirect: 0
    m_PVRDenoiserTypeAO: 0
    m_PVRFilterTypeDirect: 0
    m_PVRFilterTypeIndirect: 0
    m_PVRFilterTypeAO: 0
    m_PVREnvironmentMIS: 0
    m_PVRCulling: 1
    m_PVRFilteringGaussRadiusDirect: 1
    m_PVRFilteringGaussRadiusIndirect: 5
    m_PVRFilteringGaussRadiusAO: 2
    m_PVRFilteringAtrousPositionSigmaDirect: 0.5
    m_PVRFilteringAtrousPositionSigmaIndirect: 2
    m_PVRFilteringAtrousPositionSigmaAO: 1
    m_ExportTrainingData: 0
    m_TrainingDataDestination: TrainingData
    m_LightProbeSampleCountMultiplier: 4
  m_LightingDataAsset: {fileID: 0}
  m_LightingSettings: {fileID: 0}
--- !u!196 &4
NavMeshSettings:
  serializedVersion: 2
  m_ObjectHideFlags: 0
  m_BuildSettings:
    serializedVersion: 2
    agentTypeID: 0
    agentRadius: 0.5
    agentHeight: 2
    agentSlope: 45
    agentClimb: 0.4
    ledgeDropHeight: 0
    maxJumpAcrossDistance: 0
    minRegionArea: 2
    manualCellSize: 0
    cellSize: 0.16666667
    manualTileSize: 0
    tileSize: 256
    accuratePlacement: 0
    maxJobWorkers: 0
    preserveTilesOutsideBounds: 0
    debug:
      m_Flags: 0
  m_NavMeshData: {fileID: 0}
--- !u!1 &6374093
GameObject:
  m_ObjectHideFlags: 3
  m_CorrespondingSourceObject: {fileID: 0}
  m_PrefabInstance: {fileID: 0}
  m_PrefabAsset: {fileID: 0}
  serializedVersion: 6
  m_Component:
  - component: {fileID: 6374094}
  - component: {fileID: 6374097}
  - component: {fileID: 6374096}
  - component: {fileID: 6374095}
  m_Layer: 0
  m_Name: cm
  m_TagString: Untagged
  m_Icon: {fileID: 0}
  m_NavMeshLayer: 0
  m_StaticEditorFlags: 0
  m_IsActive: 1
--- !u!4 &6374094
Transform:
  m_ObjectHideFlags: 3
  m_CorrespondingSourceObject: {fileID: 0}
  m_PrefabInstance: {fileID: 0}
  m_PrefabAsset: {fileID: 0}
  m_GameObject: {fileID: 6374093}
  m_LocalRotation: {x: -0, y: -0, z: -0, w: 1}
  m_LocalPosition: {x: 0, y: 0, z: 0}
  m_LocalScale: {x: 1, y: 1, z: 1}
  m_Children: []
  m_Father: {fileID: 284376677}
  m_RootOrder: 0
  m_LocalEulerAnglesHint: {x: 0, y: 0, z: 0}
--- !u!114 &6374095
MonoBehaviour:
  m_ObjectHideFlags: 3
  m_CorrespondingSourceObject: {fileID: 0}
  m_PrefabInstance: {fileID: 0}
  m_PrefabAsset: {fileID: 0}
  m_GameObject: {fileID: 6374093}
  m_Enabled: 1
  m_EditorHideFlags: 0
  m_Script: {fileID: 11500000, guid: f4044717213e31446939f7bd49c896ea, type: 3}
  m_Name: 
  m_EditorClassIdentifier: 
  m_TrackedObjectOffset: {x: 0, y: 0, z: 0}
  m_LookaheadTime: 0
  m_LookaheadSmoothing: 0
  m_LookaheadIgnoreY: 0
  m_HorizontalDamping: 0
  m_VerticalDamping: 0
  m_ScreenX: 0.5
  m_ScreenY: 0.55
  m_DeadZoneWidth: 0
  m_DeadZoneHeight: 0
  m_SoftZoneWidth: 0.8
  m_SoftZoneHeight: 0.8
  m_BiasX: 0
  m_BiasY: 0
  m_CenterOnActivate: 1
--- !u!114 &6374096
MonoBehaviour:
  m_ObjectHideFlags: 3
  m_CorrespondingSourceObject: {fileID: 0}
  m_PrefabInstance: {fileID: 0}
  m_PrefabAsset: {fileID: 0}
  m_GameObject: {fileID: 6374093}
  m_Enabled: 1
  m_EditorHideFlags: 0
  m_Script: {fileID: 11500000, guid: 9384ab8608cdc3d479fe89cd51eed48f, type: 3}
  m_Name: 
  m_EditorClassIdentifier: 
  m_BindingMode: 4
  m_FollowOffset: {x: 0, y: 3, z: -15}
  m_XDamping: 1
  m_YDamping: 1
  m_ZDamping: 1
  m_AngularDampingMode: 0
  m_PitchDamping: 0
  m_YawDamping: 0
  m_RollDamping: 0
  m_AngularDamping: 0
  m_Heading:
    m_Definition: 2
    m_VelocityFilterStrength: 4
    m_Bias: 0
  m_RecenterToTargetHeading:
    m_enabled: 0
    m_WaitTime: 1
    m_RecenteringTime: 2
    m_LegacyHeadingDefinition: -1
    m_LegacyVelocityFilterStrength: -1
  m_XAxis:
    Value: 0
    m_SpeedMode: 0
    m_MaxSpeed: 300
    m_AccelTime: 0.1
    m_DecelTime: 0.1
    m_InputAxisName: 
    m_InputAxisValue: 0
    m_InvertInput: 1
    m_MinValue: -180
    m_MaxValue: 180
    m_Wrap: 1
    m_Recentering:
      m_enabled: 0
      m_WaitTime: 1
      m_RecenteringTime: 2
      m_LegacyHeadingDefinition: -1
      m_LegacyVelocityFilterStrength: -1
  m_LegacyRadius: 3.4028235e+38
  m_LegacyHeightOffset: 3.4028235e+38
  m_LegacyHeadingBias: 3.4028235e+38
  m_HeadingIsSlave: 1
--- !u!114 &6374097
MonoBehaviour:
  m_ObjectHideFlags: 3
  m_CorrespondingSourceObject: {fileID: 0}
  m_PrefabInstance: {fileID: 0}
  m_PrefabAsset: {fileID: 0}
  m_GameObject: {fileID: 6374093}
  m_Enabled: 1
  m_EditorHideFlags: 0
  m_Script: {fileID: 11500000, guid: ac0b09e7857660247b1477e93731de29, type: 3}
  m_Name: 
  m_EditorClassIdentifier: 
--- !u!1001 &98366626
PrefabInstance:
  m_ObjectHideFlags: 0
  serializedVersion: 2
  m_Modification:
    m_TransformParent: {fileID: 0}
    m_Modifications:
    - target: {fileID: -8679921383154817045, guid: b06703e9bd00b0945869260753263d8b, type: 3}
      propertyPath: m_RootOrder
      value: 1
      objectReference: {fileID: 0}
    - target: {fileID: -8679921383154817045, guid: b06703e9bd00b0945869260753263d8b, type: 3}
      propertyPath: m_LocalPosition.x
      value: 3.3501518
      objectReference: {fileID: 0}
    - target: {fileID: -8679921383154817045, guid: b06703e9bd00b0945869260753263d8b, type: 3}
      propertyPath: m_LocalPosition.y
      value: 0
      objectReference: {fileID: 0}
    - target: {fileID: -8679921383154817045, guid: b06703e9bd00b0945869260753263d8b, type: 3}
      propertyPath: m_LocalPosition.z
      value: -32.5
      objectReference: {fileID: 0}
    - target: {fileID: -8679921383154817045, guid: b06703e9bd00b0945869260753263d8b, type: 3}
      propertyPath: m_LocalRotation.w
      value: 0.7071067
      objectReference: {fileID: 0}
    - target: {fileID: -8679921383154817045, guid: b06703e9bd00b0945869260753263d8b, type: 3}
      propertyPath: m_LocalRotation.x
      value: -0.7071068
      objectReference: {fileID: 0}
    - target: {fileID: -8679921383154817045, guid: b06703e9bd00b0945869260753263d8b, type: 3}
      propertyPath: m_LocalRotation.y
      value: 0
      objectReference: {fileID: 0}
    - target: {fileID: -8679921383154817045, guid: b06703e9bd00b0945869260753263d8b, type: 3}
      propertyPath: m_LocalRotation.z
      value: -0
      objectReference: {fileID: 0}
    - target: {fileID: -8679921383154817045, guid: b06703e9bd00b0945869260753263d8b, type: 3}
      propertyPath: m_LocalEulerAnglesHint.x
      value: 0
      objectReference: {fileID: 0}
    - target: {fileID: -8679921383154817045, guid: b06703e9bd00b0945869260753263d8b, type: 3}
      propertyPath: m_LocalEulerAnglesHint.y
      value: 0
      objectReference: {fileID: 0}
    - target: {fileID: -8679921383154817045, guid: b06703e9bd00b0945869260753263d8b, type: 3}
      propertyPath: m_LocalEulerAnglesHint.z
      value: 0
      objectReference: {fileID: 0}
    - target: {fileID: 919132149155446097, guid: b06703e9bd00b0945869260753263d8b, type: 3}
      propertyPath: m_Name
      value: Arbol
      objectReference: {fileID: 0}
    - target: {fileID: 919132149155446097, guid: b06703e9bd00b0945869260753263d8b, type: 3}
      propertyPath: m_TagString
      value: Untagged
      objectReference: {fileID: 0}
    m_RemovedComponents: []
  m_SourcePrefab: {fileID: 100100000, guid: b06703e9bd00b0945869260753263d8b, type: 3}
--- !u!1 &108381852 stripped
GameObject:
  m_CorrespondingSourceObject: {fileID: 919132149155446097, guid: b06703e9bd00b0945869260753263d8b, type: 3}
  m_PrefabInstance: {fileID: 98366626}
  m_PrefabAsset: {fileID: 0}
--- !u!65 &108381856
BoxCollider:
  m_ObjectHideFlags: 0
  m_CorrespondingSourceObject: {fileID: 0}
  m_PrefabInstance: {fileID: 0}
  m_PrefabAsset: {fileID: 0}
  m_GameObject: {fileID: 108381852}
  m_Material: {fileID: 0}
  m_IsTrigger: 0
  m_Enabled: 1
  serializedVersion: 2
  m_Size: {x: 2, y: 2, z: 8}
  m_Center: {x: 0, y: 0, z: 3}
--- !u!114 &108381857
MonoBehaviour:
  m_ObjectHideFlags: 0
  m_CorrespondingSourceObject: {fileID: 0}
  m_PrefabInstance: {fileID: 0}
  m_PrefabAsset: {fileID: 0}
  m_GameObject: {fileID: 108381852}
  m_Enabled: 1
  m_EditorHideFlags: 0
  m_Script: {fileID: 11500000, guid: 4ac57dcabc1dac7468977fbcce27c581, type: 3}
  m_Name: 
  m_EditorClassIdentifier: 
  vidaObjeto: 100
  danio: 25
--- !u!54 &108381858
Rigidbody:
  m_ObjectHideFlags: 0
  m_CorrespondingSourceObject: {fileID: 0}
  m_PrefabInstance: {fileID: 0}
  m_PrefabAsset: {fileID: 0}
  m_GameObject: {fileID: 108381852}
  serializedVersion: 2
  m_Mass: 1
  m_Drag: 0
  m_AngularDrag: 0.05
  m_UseGravity: 1
  m_IsKinematic: 0
  m_Interpolate: 0
  m_Constraints: 0
  m_CollisionDetection: 0
--- !u!1 &284376675
GameObject:
  m_ObjectHideFlags: 3
  m_CorrespondingSourceObject: {fileID: 0}
  m_PrefabInstance: {fileID: 0}
  m_PrefabAsset: {fileID: 0}
  serializedVersion: 6
  m_Component:
  - component: {fileID: 284376677}
  - component: {fileID: 284376676}
  m_Layer: 0
  m_Name: MiddleRig
  m_TagString: Untagged
  m_Icon: {fileID: 0}
  m_NavMeshLayer: 0
  m_StaticEditorFlags: 0
  m_IsActive: 1
--- !u!114 &284376676
MonoBehaviour:
  m_ObjectHideFlags: 3
  m_CorrespondingSourceObject: {fileID: 0}
  m_PrefabInstance: {fileID: 0}
  m_PrefabAsset: {fileID: 0}
  m_GameObject: {fileID: 284376675}
  m_Enabled: 1
  m_EditorHideFlags: 0
  m_Script: {fileID: 11500000, guid: 45e653bab7fb20e499bda25e1b646fea, type: 3}
  m_Name: 
  m_EditorClassIdentifier: 
  m_ExcludedPropertiesInInspector:
  - m_Script
  - Header
  - Extensions
  - m_Priority
  - m_Transitions
  - m_Follow
  - m_StandbyUpdate
  - m_Lens
  m_LockStageInInspector: 00000000
  m_StreamingVersion: 20170927
  m_Priority: 10
  m_StandbyUpdate: 2
  m_LookAt: {fileID: 0}
  m_Follow: {fileID: 0}
  m_Lens:
    FieldOfView: 40
    OrthographicSize: 10
    NearClipPlane: 0.1
    FarClipPlane: 5000
    Dutch: 0
    LensShift: {x: 0, y: 0}
  m_Transitions:
    m_BlendHint: 0
    m_InheritPosition: 0
    m_OnCameraLive:
      m_PersistentCalls:
        m_Calls: []
  m_LegacyBlendHint: 0
  m_ComponentOwner: {fileID: 6374094}
--- !u!4 &284376677
Transform:
  m_ObjectHideFlags: 3
  m_CorrespondingSourceObject: {fileID: 0}
  m_PrefabInstance: {fileID: 0}
  m_PrefabAsset: {fileID: 0}
  m_GameObject: {fileID: 284376675}
  m_LocalRotation: {x: 0.08042035, y: 1e-45, z: -0, w: 0.996761}
  m_LocalPosition: {x: 0, y: 0, z: 0}
  m_LocalScale: {x: 1, y: 1, z: 1}
  m_Children:
  - {fileID: 6374094}
  m_Father: {fileID: 1335861550}
  m_RootOrder: 1
  m_LocalEulerAnglesHint: {x: 0, y: 0, z: 0}
--- !u!1 &559579962
GameObject:
  m_ObjectHideFlags: 3
  m_CorrespondingSourceObject: {fileID: 0}
  m_PrefabInstance: {fileID: 0}
  m_PrefabAsset: {fileID: 0}
  serializedVersion: 6
  m_Component:
  - component: {fileID: 559579963}
  - component: {fileID: 559579966}
  - component: {fileID: 559579965}
  - component: {fileID: 559579964}
  m_Layer: 0
  m_Name: cm
  m_TagString: Untagged
  m_Icon: {fileID: 0}
  m_NavMeshLayer: 0
  m_StaticEditorFlags: 0
  m_IsActive: 1
--- !u!4 &559579963
Transform:
  m_ObjectHideFlags: 3
  m_CorrespondingSourceObject: {fileID: 0}
  m_PrefabInstance: {fileID: 0}
  m_PrefabAsset: {fileID: 0}
  m_GameObject: {fileID: 559579962}
  m_LocalRotation: {x: -0, y: -0, z: -0, w: 1}
  m_LocalPosition: {x: 0, y: 0, z: 0}
  m_LocalScale: {x: 1, y: 1, z: 1}
  m_Children: []
  m_Father: {fileID: 1138936588}
  m_RootOrder: 0
  m_LocalEulerAnglesHint: {x: 0, y: 0, z: 0}
--- !u!114 &559579964
MonoBehaviour:
  m_ObjectHideFlags: 3
  m_CorrespondingSourceObject: {fileID: 0}
  m_PrefabInstance: {fileID: 0}
  m_PrefabAsset: {fileID: 0}
  m_GameObject: {fileID: 559579962}
  m_Enabled: 1
  m_EditorHideFlags: 0
  m_Script: {fileID: 11500000, guid: f4044717213e31446939f7bd49c896ea, type: 3}
  m_Name: 
  m_EditorClassIdentifier: 
  m_TrackedObjectOffset: {x: 0, y: 0, z: 0}
  m_LookaheadTime: 0
  m_LookaheadSmoothing: 0
  m_LookaheadIgnoreY: 0
  m_HorizontalDamping: 0
  m_VerticalDamping: 0
  m_ScreenX: 0.5
  m_ScreenY: 0.5
  m_DeadZoneWidth: 0
  m_DeadZoneHeight: 0
  m_SoftZoneWidth: 0.8
  m_SoftZoneHeight: 0.8
  m_BiasX: 0
  m_BiasY: 0
  m_CenterOnActivate: 1
--- !u!114 &559579965
MonoBehaviour:
  m_ObjectHideFlags: 3
  m_CorrespondingSourceObject: {fileID: 0}
  m_PrefabInstance: {fileID: 0}
  m_PrefabAsset: {fileID: 0}
  m_GameObject: {fileID: 559579962}
  m_Enabled: 1
  m_EditorHideFlags: 0
  m_Script: {fileID: 11500000, guid: 9384ab8608cdc3d479fe89cd51eed48f, type: 3}
  m_Name: 
  m_EditorClassIdentifier: 
  m_BindingMode: 4
  m_FollowOffset: {x: 0, y: 3, z: -15}
  m_XDamping: 1
  m_YDamping: 1
  m_ZDamping: 1
  m_AngularDampingMode: 0
  m_PitchDamping: 0
  m_YawDamping: 0
  m_RollDamping: 0
  m_AngularDamping: 0
  m_Heading:
    m_Definition: 2
    m_VelocityFilterStrength: 4
    m_Bias: 0
  m_RecenterToTargetHeading:
    m_enabled: 0
    m_WaitTime: 1
    m_RecenteringTime: 2
    m_LegacyHeadingDefinition: -1
    m_LegacyVelocityFilterStrength: -1
  m_XAxis:
    Value: 0
    m_SpeedMode: 0
    m_MaxSpeed: 300
    m_AccelTime: 0.1
    m_DecelTime: 0.1
    m_InputAxisName: 
    m_InputAxisValue: 0
    m_InvertInput: 1
    m_MinValue: -180
    m_MaxValue: 180
    m_Wrap: 1
    m_Recentering:
      m_enabled: 0
      m_WaitTime: 1
      m_RecenteringTime: 2
      m_LegacyHeadingDefinition: -1
      m_LegacyVelocityFilterStrength: -1
  m_LegacyRadius: 3.4028235e+38
  m_LegacyHeightOffset: 3.4028235e+38
  m_LegacyHeadingBias: 3.4028235e+38
  m_HeadingIsSlave: 1
--- !u!114 &559579966
MonoBehaviour:
  m_ObjectHideFlags: 3
  m_CorrespondingSourceObject: {fileID: 0}
  m_PrefabInstance: {fileID: 0}
  m_PrefabAsset: {fileID: 0}
  m_GameObject: {fileID: 559579962}
  m_Enabled: 1
  m_EditorHideFlags: 0
  m_Script: {fileID: 11500000, guid: ac0b09e7857660247b1477e93731de29, type: 3}
  m_Name: 
  m_EditorClassIdentifier: 
--- !u!1001 &650110555
PrefabInstance:
  m_ObjectHideFlags: 0
  serializedVersion: 2
  m_Modification:
    m_TransformParent: {fileID: 0}
    m_Modifications:
    - target: {fileID: -8679921383154817045, guid: 602aa68ce9a14244ba579e604dfdb0ce, type: 3}
      propertyPath: m_RootOrder
      value: 2
      objectReference: {fileID: 0}
    - target: {fileID: -8679921383154817045, guid: 602aa68ce9a14244ba579e604dfdb0ce, type: 3}
      propertyPath: m_LocalPosition.x
      value: 0
      objectReference: {fileID: 0}
    - target: {fileID: -8679921383154817045, guid: 602aa68ce9a14244ba579e604dfdb0ce, type: 3}
      propertyPath: m_LocalPosition.y
      value: 0
      objectReference: {fileID: 0}
    - target: {fileID: -8679921383154817045, guid: 602aa68ce9a14244ba579e604dfdb0ce, type: 3}
      propertyPath: m_LocalPosition.z
      value: 0
      objectReference: {fileID: 0}
    - target: {fileID: -8679921383154817045, guid: 602aa68ce9a14244ba579e604dfdb0ce, type: 3}
      propertyPath: m_LocalRotation.w
      value: 0.7071067
      objectReference: {fileID: 0}
    - target: {fileID: -8679921383154817045, guid: 602aa68ce9a14244ba579e604dfdb0ce, type: 3}
      propertyPath: m_LocalRotation.x
      value: -0.7071068
      objectReference: {fileID: 0}
    - target: {fileID: -8679921383154817045, guid: 602aa68ce9a14244ba579e604dfdb0ce, type: 3}
      propertyPath: m_LocalRotation.y
      value: 0
      objectReference: {fileID: 0}
    - target: {fileID: -8679921383154817045, guid: 602aa68ce9a14244ba579e604dfdb0ce, type: 3}
      propertyPath: m_LocalRotation.z
      value: -0
      objectReference: {fileID: 0}
    - target: {fileID: -8679921383154817045, guid: 602aa68ce9a14244ba579e604dfdb0ce, type: 3}
      propertyPath: m_LocalEulerAnglesHint.x
      value: 0
      objectReference: {fileID: 0}
    - target: {fileID: -8679921383154817045, guid: 602aa68ce9a14244ba579e604dfdb0ce, type: 3}
      propertyPath: m_LocalEulerAnglesHint.y
      value: 0
      objectReference: {fileID: 0}
    - target: {fileID: -8679921383154817045, guid: 602aa68ce9a14244ba579e604dfdb0ce, type: 3}
      propertyPath: m_LocalEulerAnglesHint.z
      value: 0
      objectReference: {fileID: 0}
    - target: {fileID: 919132149155446097, guid: 602aa68ce9a14244ba579e604dfdb0ce, type: 3}
      propertyPath: m_Name
      value: terreno
      objectReference: {fileID: 0}
    m_RemovedComponents: []
  m_SourcePrefab: {fileID: 100100000, guid: 602aa68ce9a14244ba579e604dfdb0ce, type: 3}
--- !u!1 &650871701
GameObject:
  m_ObjectHideFlags: 0
  m_CorrespondingSourceObject: {fileID: 0}
  m_PrefabInstance: {fileID: 0}
  m_PrefabAsset: {fileID: 0}
  serializedVersion: 6
  m_Component:
  - component: {fileID: 650871702}
  m_Layer: 0
  m_Name: ChequeadorDeSuelo
  m_TagString: Untagged
  m_Icon: {fileID: 0}
  m_NavMeshLayer: 0
  m_StaticEditorFlags: 0
  m_IsActive: 1
--- !u!4 &650871702
Transform:
  m_ObjectHideFlags: 0
  m_CorrespondingSourceObject: {fileID: 0}
  m_PrefabInstance: {fileID: 0}
  m_PrefabAsset: {fileID: 0}
  m_GameObject: {fileID: 650871701}
  m_LocalRotation: {x: 0, y: 0, z: 0, w: 1}
  m_LocalPosition: {x: 0, y: -0.01, z: 0}
  m_LocalScale: {x: 1, y: 1, z: 1}
  m_Children: []
  m_Father: {fileID: 711957662}
  m_RootOrder: 2
  m_LocalEulerAnglesHint: {x: 0, y: 0, z: 0}
--- !u!1001 &664720079
PrefabInstance:
  m_ObjectHideFlags: 0
  serializedVersion: 2
  m_Modification:
    m_TransformParent: {fileID: 0}
    m_Modifications:
    - target: {fileID: -8679921383154817045, guid: 4324dfbe01f353a48ac508adf2220e6e, type: 3}
      propertyPath: m_RootOrder
      value: 6
      objectReference: {fileID: 0}
    - target: {fileID: -8679921383154817045, guid: 4324dfbe01f353a48ac508adf2220e6e, type: 3}
      propertyPath: m_LocalPosition.x
      value: -37.7
      objectReference: {fileID: 0}
    - target: {fileID: -8679921383154817045, guid: 4324dfbe01f353a48ac508adf2220e6e, type: 3}
      propertyPath: m_LocalPosition.y
      value: 0
      objectReference: {fileID: 0}
    - target: {fileID: -8679921383154817045, guid: 4324dfbe01f353a48ac508adf2220e6e, type: 3}
      propertyPath: m_LocalPosition.z
      value: -22
      objectReference: {fileID: 0}
    - target: {fileID: -8679921383154817045, guid: 4324dfbe01f353a48ac508adf2220e6e, type: 3}
      propertyPath: m_LocalRotation.w
      value: 1
      objectReference: {fileID: 0}
    - target: {fileID: -8679921383154817045, guid: 4324dfbe01f353a48ac508adf2220e6e, type: 3}
      propertyPath: m_LocalRotation.x
      value: 0
      objectReference: {fileID: 0}
    - target: {fileID: -8679921383154817045, guid: 4324dfbe01f353a48ac508adf2220e6e, type: 3}
      propertyPath: m_LocalRotation.y
      value: 0
      objectReference: {fileID: 0}
    - target: {fileID: -8679921383154817045, guid: 4324dfbe01f353a48ac508adf2220e6e, type: 3}
      propertyPath: m_LocalRotation.z
      value: 0
      objectReference: {fileID: 0}
    - target: {fileID: -8679921383154817045, guid: 4324dfbe01f353a48ac508adf2220e6e, type: 3}
      propertyPath: m_LocalEulerAnglesHint.x
      value: 0
      objectReference: {fileID: 0}
    - target: {fileID: -8679921383154817045, guid: 4324dfbe01f353a48ac508adf2220e6e, type: 3}
      propertyPath: m_LocalEulerAnglesHint.y
      value: 0
      objectReference: {fileID: 0}
    - target: {fileID: -8679921383154817045, guid: 4324dfbe01f353a48ac508adf2220e6e, type: 3}
      propertyPath: m_LocalEulerAnglesHint.z
      value: 0
      objectReference: {fileID: 0}
    - target: {fileID: 919132149155446097, guid: 4324dfbe01f353a48ac508adf2220e6e, type: 3}
      propertyPath: m_Name
      value: bear
      objectReference: {fileID: 0}
    m_RemovedComponents: []
  m_SourcePrefab: {fileID: 100100000, guid: 4324dfbe01f353a48ac508adf2220e6e, type: 3}
--- !u!1 &705507993
GameObject:
  m_ObjectHideFlags: 0
  m_CorrespondingSourceObject: {fileID: 0}
  m_PrefabInstance: {fileID: 0}
  m_PrefabAsset: {fileID: 0}
  serializedVersion: 6
  m_Component:
  - component: {fileID: 705507995}
  - component: {fileID: 705507994}
  m_Layer: 0
  m_Name: Directional Light
  m_TagString: Untagged
  m_Icon: {fileID: 0}
  m_NavMeshLayer: 0
  m_StaticEditorFlags: 0
  m_IsActive: 1
--- !u!108 &705507994
Light:
  m_ObjectHideFlags: 0
  m_CorrespondingSourceObject: {fileID: 0}
  m_PrefabInstance: {fileID: 0}
  m_PrefabAsset: {fileID: 0}
  m_GameObject: {fileID: 705507993}
  m_Enabled: 1
  serializedVersion: 10
  m_Type: 1
  m_Shape: 0
  m_Color: {r: 1, g: 0.95686275, b: 0.8392157, a: 1}
  m_Intensity: 1
  m_Range: 10
  m_SpotAngle: 30
  m_InnerSpotAngle: 21.80208
  m_CookieSize: 10
  m_Shadows:
    m_Type: 2
    m_Resolution: -1
    m_CustomResolution: -1
    m_Strength: 1
    m_Bias: 0.05
    m_NormalBias: 0.4
    m_NearPlane: 0.2
    m_CullingMatrixOverride:
      e00: 1
      e01: 0
      e02: 0
      e03: 0
      e10: 0
      e11: 1
      e12: 0
      e13: 0
      e20: 0
      e21: 0
      e22: 1
      e23: 0
      e30: 0
      e31: 0
      e32: 0
      e33: 1
    m_UseCullingMatrixOverride: 0
  m_Cookie: {fileID: 0}
  m_DrawHalo: 0
  m_Flare: {fileID: 0}
  m_RenderMode: 0
  m_CullingMask:
    serializedVersion: 2
    m_Bits: 4294967295
  m_RenderingLayerMask: 1
  m_Lightmapping: 1
  m_LightShadowCasterMode: 0
  m_AreaSize: {x: 1, y: 1}
  m_BounceIntensity: 1
  m_ColorTemperature: 6570
  m_UseColorTemperature: 0
  m_BoundingSphereOverride: {x: 0, y: 0, z: 0, w: 0}
  m_UseBoundingSphereOverride: 0
  m_UseViewFrustumForShadowCasterCull: 1
  m_ShadowRadius: 0
  m_ShadowAngle: 0
--- !u!4 &705507995
Transform:
  m_ObjectHideFlags: 0
  m_CorrespondingSourceObject: {fileID: 0}
  m_PrefabInstance: {fileID: 0}
  m_PrefabAsset: {fileID: 0}
  m_GameObject: {fileID: 705507993}
  m_LocalRotation: {x: 0.40821788, y: -0.23456968, z: 0.10938163, w: 0.8754261}
  m_LocalPosition: {x: 0, y: 3, z: 0}
  m_LocalScale: {x: 1, y: 1, z: 1}
  m_Children: []
  m_Father: {fileID: 0}
  m_RootOrder: 3
  m_LocalEulerAnglesHint: {x: 50, y: -30, z: 0}
--- !u!1 &711957659 stripped
GameObject:
  m_CorrespondingSourceObject: {fileID: 919132149155446097, guid: a4923ef00b49cb54e8f6b00450a0c6d3, type: 3}
  m_PrefabInstance: {fileID: 1814714043}
  m_PrefabAsset: {fileID: 0}
--- !u!114 &711957660
MonoBehaviour:
  m_ObjectHideFlags: 0
  m_CorrespondingSourceObject: {fileID: 0}
  m_PrefabInstance: {fileID: 0}
  m_PrefabAsset: {fileID: 0}
  m_GameObject: {fileID: 711957659}
  m_Enabled: 1
  m_EditorHideFlags: 0
  m_Script: {fileID: 11500000, guid: 50f9d4fbe14dc144289f53a0d9a752c3, type: 3}
  m_Name: 
  m_EditorClassIdentifier: 
  controlador: {fileID: 711957661}
  camara: {fileID: 963194228}
  velocidadDeMovimiento: 20
  chequeadorDeSuelo: {fileID: 650871702}
  distanciaAlSuelo: 0.4
  mascaraDeSuelo:
    serializedVersion: 2
    m_Bits: 8
  estaEnElSuelo: 0
  gravedad: -500
  alturaDelSalto: 10
  animator: {fileID: 711957663}
  variableMovimiento: enMovimiento
  variableSuelo: enSuelo
  puedeMover: 0
--- !u!143 &711957661
CharacterController:
  m_ObjectHideFlags: 0
  m_CorrespondingSourceObject: {fileID: 0}
  m_PrefabInstance: {fileID: 0}
  m_PrefabAsset: {fileID: 0}
  m_GameObject: {fileID: 711957659}
  m_Material: {fileID: 0}
  m_IsTrigger: 0
  m_Enabled: 1
  serializedVersion: 2
  m_Height: 7
  m_Radius: 1.5
  m_SlopeLimit: 45
  m_StepOffset: 0.3
  m_SkinWidth: 0.08
  m_MinMoveDistance: 0.001
  m_Center: {x: 0, y: 3.5, z: 0.5}
--- !u!4 &711957662 stripped
Transform:
  m_CorrespondingSourceObject: {fileID: -8679921383154817045, guid: a4923ef00b49cb54e8f6b00450a0c6d3, type: 3}
  m_PrefabInstance: {fileID: 1814714043}
  m_PrefabAsset: {fileID: 0}
--- !u!95 &711957663
Animator:
  serializedVersion: 3
  m_ObjectHideFlags: 0
  m_CorrespondingSourceObject: {fileID: 0}
  m_PrefabInstance: {fileID: 0}
  m_PrefabAsset: {fileID: 0}
  m_GameObject: {fileID: 711957659}
  m_Enabled: 1
  m_Avatar: {fileID: 0}
  m_Controller: {fileID: 9100000, guid: b59a0be116a074543b5d4502d7886355, type: 2}
  m_CullingMode: 0
  m_UpdateMode: 0
  m_ApplyRootMotion: 0
  m_LinearVelocityBlending: 0
  m_WarningMessage: 
  m_HasTransformHierarchy: 1
  m_AllowConstantClipSamplingOptimization: 1
  m_KeepAnimatorControllerStateOnDisable: 0
--- !u!114 &711957664
MonoBehaviour:
  m_ObjectHideFlags: 0
  m_CorrespondingSourceObject: {fileID: 0}
  m_PrefabInstance: {fileID: 0}
  m_PrefabAsset: {fileID: 0}
  m_GameObject: {fileID: 711957659}
  m_Enabled: 1
  m_EditorHideFlags: 0
  m_Script: {fileID: 11500000, guid: 6f70024ec38f8284cafd4c3434d24d9f, type: 3}
  m_Name: 
  m_EditorClassIdentifier: 
  jugadorAnim: {fileID: 711957663}
  jugadorScript: {fileID: 711957660}
  colliderAtaque: {fileID: 2130894218}
--- !u!1 &728594738
GameObject:
  m_ObjectHideFlags: 3
  m_CorrespondingSourceObject: {fileID: 0}
  m_PrefabInstance: {fileID: 0}
  m_PrefabAsset: {fileID: 0}
  serializedVersion: 6
  m_Component:
  - component: {fileID: 728594740}
  - component: {fileID: 728594739}
  m_Layer: 0
  m_Name: BottomRig
  m_TagString: Untagged
  m_Icon: {fileID: 0}
  m_NavMeshLayer: 0
  m_StaticEditorFlags: 0
  m_IsActive: 1
--- !u!114 &728594739
MonoBehaviour:
  m_ObjectHideFlags: 3
  m_CorrespondingSourceObject: {fileID: 0}
  m_PrefabInstance: {fileID: 0}
  m_PrefabAsset: {fileID: 0}
  m_GameObject: {fileID: 728594738}
  m_Enabled: 1
  m_EditorHideFlags: 0
  m_Script: {fileID: 11500000, guid: 45e653bab7fb20e499bda25e1b646fea, type: 3}
  m_Name: 
  m_EditorClassIdentifier: 
  m_ExcludedPropertiesInInspector:
  - m_Script
  - Header
  - Extensions
  - m_Priority
  - m_Transitions
  - m_Follow
  - m_StandbyUpdate
  - m_Lens
  m_LockStageInInspector: 00000000
  m_StreamingVersion: 20170927
  m_Priority: 10
  m_StandbyUpdate: 2
  m_LookAt: {fileID: 0}
  m_Follow: {fileID: 0}
  m_Lens:
    FieldOfView: 40
    OrthographicSize: 10
    NearClipPlane: 0.1
    FarClipPlane: 5000
    Dutch: 0
    LensShift: {x: 0, y: 0}
  m_Transitions:
    m_BlendHint: 0
    m_InheritPosition: 0
    m_OnCameraLive:
      m_PersistentCalls:
        m_Calls: []
  m_LegacyBlendHint: 0
  m_ComponentOwner: {fileID: 920181785}
--- !u!4 &728594740
Transform:
  m_ObjectHideFlags: 3
  m_CorrespondingSourceObject: {fileID: 0}
  m_PrefabInstance: {fileID: 0}
  m_PrefabAsset: {fileID: 0}
  m_GameObject: {fileID: 728594738}
  m_LocalRotation: {x: -0.08606068, y: -0.000000017670132, z: -0.0000000015263664, w: 0.9962899}
  m_LocalPosition: {x: 0, y: 0, z: 0}
  m_LocalScale: {x: 1, y: 1, z: 1}
  m_Children:
  - {fileID: 920181785}
  m_Father: {fileID: 1335861550}
  m_RootOrder: 2
  m_LocalEulerAnglesHint: {x: 0, y: 0, z: 0}
--- !u!1 &920181784
GameObject:
  m_ObjectHideFlags: 3
  m_CorrespondingSourceObject: {fileID: 0}
  m_PrefabInstance: {fileID: 0}
  m_PrefabAsset: {fileID: 0}
  serializedVersion: 6
  m_Component:
  - component: {fileID: 920181785}
  - component: {fileID: 920181788}
  - component: {fileID: 920181787}
  - component: {fileID: 920181786}
  m_Layer: 0
  m_Name: cm
  m_TagString: Untagged
  m_Icon: {fileID: 0}
  m_NavMeshLayer: 0
  m_StaticEditorFlags: 0
  m_IsActive: 1
--- !u!4 &920181785
Transform:
  m_ObjectHideFlags: 3
  m_CorrespondingSourceObject: {fileID: 0}
  m_PrefabInstance: {fileID: 0}
  m_PrefabAsset: {fileID: 0}
  m_GameObject: {fileID: 920181784}
  m_LocalRotation: {x: -0, y: -0, z: -0, w: 1}
  m_LocalPosition: {x: 0, y: 0, z: 0}
  m_LocalScale: {x: 1, y: 1, z: 1}
  m_Children: []
  m_Father: {fileID: 728594740}
  m_RootOrder: 0
  m_LocalEulerAnglesHint: {x: 0, y: 0, z: 0}
--- !u!114 &920181786
MonoBehaviour:
  m_ObjectHideFlags: 3
  m_CorrespondingSourceObject: {fileID: 0}
  m_PrefabInstance: {fileID: 0}
  m_PrefabAsset: {fileID: 0}
  m_GameObject: {fileID: 920181784}
  m_Enabled: 1
  m_EditorHideFlags: 0
  m_Script: {fileID: 11500000, guid: f4044717213e31446939f7bd49c896ea, type: 3}
  m_Name: 
  m_EditorClassIdentifier: 
  m_TrackedObjectOffset: {x: 0, y: 4.5, z: 0}
  m_LookaheadTime: 0
  m_LookaheadSmoothing: 0
  m_LookaheadIgnoreY: 0
  m_HorizontalDamping: 0
  m_VerticalDamping: 0
  m_ScreenX: 0.5
  m_ScreenY: 0.6
  m_DeadZoneWidth: 0
  m_DeadZoneHeight: 0
  m_SoftZoneWidth: 0.8
  m_SoftZoneHeight: 0.8
  m_BiasX: 0
  m_BiasY: 0
  m_CenterOnActivate: 1
--- !u!114 &920181787
MonoBehaviour:
  m_ObjectHideFlags: 3
  m_CorrespondingSourceObject: {fileID: 0}
  m_PrefabInstance: {fileID: 0}
  m_PrefabAsset: {fileID: 0}
  m_GameObject: {fileID: 920181784}
  m_Enabled: 1
  m_EditorHideFlags: 0
  m_Script: {fileID: 11500000, guid: 9384ab8608cdc3d479fe89cd51eed48f, type: 3}
  m_Name: 
  m_EditorClassIdentifier: 
  m_BindingMode: 4
  m_FollowOffset: {x: 0, y: 3, z: -15}
  m_XDamping: 1
  m_YDamping: 1
  m_ZDamping: 1
  m_AngularDampingMode: 0
  m_PitchDamping: 0
  m_YawDamping: 0
  m_RollDamping: 0
  m_AngularDamping: 0
  m_Heading:
    m_Definition: 2
    m_VelocityFilterStrength: 4
    m_Bias: 0
  m_RecenterToTargetHeading:
    m_enabled: 0
    m_WaitTime: 1
    m_RecenteringTime: 2
    m_LegacyHeadingDefinition: -1
    m_LegacyVelocityFilterStrength: -1
  m_XAxis:
    Value: 0
    m_SpeedMode: 0
    m_MaxSpeed: 300
    m_AccelTime: 0.1
    m_DecelTime: 0.1
    m_InputAxisName: 
    m_InputAxisValue: 0
    m_InvertInput: 1
    m_MinValue: -180
    m_MaxValue: 180
    m_Wrap: 1
    m_Recentering:
      m_enabled: 0
      m_WaitTime: 1
      m_RecenteringTime: 2
      m_LegacyHeadingDefinition: -1
      m_LegacyVelocityFilterStrength: -1
  m_LegacyRadius: 3.4028235e+38
  m_LegacyHeightOffset: 3.4028235e+38
  m_LegacyHeadingBias: 3.4028235e+38
  m_HeadingIsSlave: 1
--- !u!114 &920181788
MonoBehaviour:
  m_ObjectHideFlags: 3
  m_CorrespondingSourceObject: {fileID: 0}
  m_PrefabInstance: {fileID: 0}
  m_PrefabAsset: {fileID: 0}
  m_GameObject: {fileID: 920181784}
  m_Enabled: 1
  m_EditorHideFlags: 0
  m_Script: {fileID: 11500000, guid: ac0b09e7857660247b1477e93731de29, type: 3}
  m_Name: 
  m_EditorClassIdentifier: 
--- !u!1 &963194225
GameObject:
  m_ObjectHideFlags: 0
  m_CorrespondingSourceObject: {fileID: 0}
  m_PrefabInstance: {fileID: 0}
  m_PrefabAsset: {fileID: 0}
  serializedVersion: 6
  m_Component:
  - component: {fileID: 963194228}
  - component: {fileID: 963194227}
  - component: {fileID: 963194226}
  - component: {fileID: 963194229}
  m_Layer: 0
  m_Name: Main Camera
  m_TagString: MainCamera
  m_Icon: {fileID: 0}
  m_NavMeshLayer: 0
  m_StaticEditorFlags: 0
  m_IsActive: 1
--- !u!81 &963194226
AudioListener:
  m_ObjectHideFlags: 0
  m_CorrespondingSourceObject: {fileID: 0}
  m_PrefabInstance: {fileID: 0}
  m_PrefabAsset: {fileID: 0}
  m_GameObject: {fileID: 963194225}
  m_Enabled: 1
--- !u!20 &963194227
Camera:
  m_ObjectHideFlags: 0
  m_CorrespondingSourceObject: {fileID: 0}
  m_PrefabInstance: {fileID: 0}
  m_PrefabAsset: {fileID: 0}
  m_GameObject: {fileID: 963194225}
  m_Enabled: 1
  serializedVersion: 2
  m_ClearFlags: 1
  m_BackGroundColor: {r: 0.19215687, g: 0.3019608, b: 0.4745098, a: 0}
  m_projectionMatrixMode: 1
  m_GateFitMode: 2
  m_FOVAxisMode: 0
  m_SensorSize: {x: 36, y: 24}
  m_LensShift: {x: 0, y: 0}
  m_FocalLength: 50
  m_NormalizedViewPortRect:
    serializedVersion: 2
    x: 0
    y: 0
    width: 1
    height: 1
  near clip plane: 0.1
  far clip plane: 5000
  field of view: 40
  orthographic: 0
  orthographic size: 5
  m_Depth: -1
  m_CullingMask:
    serializedVersion: 2
    m_Bits: 4294967295
  m_RenderingPath: -1
  m_TargetTexture: {fileID: 0}
  m_TargetDisplay: 0
  m_TargetEye: 3
  m_HDR: 1
  m_AllowMSAA: 1
  m_AllowDynamicResolution: 0
  m_ForceIntoRT: 0
  m_OcclusionCulling: 1
  m_StereoConvergence: 10
  m_StereoSeparation: 0.022
--- !u!4 &963194228
Transform:
  m_ObjectHideFlags: 0
  m_CorrespondingSourceObject: {fileID: 0}
  m_PrefabInstance: {fileID: 0}
  m_PrefabAsset: {fileID: 0}
  m_GameObject: {fileID: 963194225}
  m_LocalRotation: {x: -0.08606068, y: -0.000000017676594, z: -0.000000001525808, w: 0.99628997}
  m_LocalPosition: {x: 0, y: 3, z: -15}
  m_LocalScale: {x: 1, y: 1, z: 1}
  m_Children: []
  m_Father: {fileID: 0}
  m_RootOrder: 0
  m_LocalEulerAnglesHint: {x: 0, y: 0, z: 0}
--- !u!114 &963194229
MonoBehaviour:
  m_ObjectHideFlags: 0
  m_CorrespondingSourceObject: {fileID: 0}
  m_PrefabInstance: {fileID: 0}
  m_PrefabAsset: {fileID: 0}
  m_GameObject: {fileID: 963194225}
  m_Enabled: 1
  m_EditorHideFlags: 0
  m_Script: {fileID: 11500000, guid: 72ece51f2901e7445ab60da3685d6b5f, type: 3}
  m_Name: 
  m_EditorClassIdentifier: 
  m_ShowDebugText: 0
  m_ShowCameraFrustum: 1
  m_IgnoreTimeScale: 0
  m_WorldUpOverride: {fileID: 0}
  m_UpdateMethod: 2
  m_BlendUpdateMethod: 1
  m_DefaultBlend:
    m_Style: 1
    m_Time: 2
    m_CustomCurve:
      serializedVersion: 2
      m_Curve: []
      m_PreInfinity: 2
      m_PostInfinity: 2
      m_RotationOrder: 4
  m_CustomBlends: {fileID: 0}
  m_CameraCutEvent:
    m_PersistentCalls:
      m_Calls: []
  m_CameraActivatedEvent:
    m_PersistentCalls:
      m_Calls: []
--- !u!1 &1138936586
GameObject:
  m_ObjectHideFlags: 3
  m_CorrespondingSourceObject: {fileID: 0}
  m_PrefabInstance: {fileID: 0}
  m_PrefabAsset: {fileID: 0}
  serializedVersion: 6
  m_Component:
  - component: {fileID: 1138936588}
  - component: {fileID: 1138936587}
  m_Layer: 0
  m_Name: TopRig
  m_TagString: Untagged
  m_Icon: {fileID: 0}
  m_NavMeshLayer: 0
  m_StaticEditorFlags: 0
  m_IsActive: 1
--- !u!114 &1138936587
MonoBehaviour:
  m_ObjectHideFlags: 3
  m_CorrespondingSourceObject: {fileID: 0}
  m_PrefabInstance: {fileID: 0}
  m_PrefabAsset: {fileID: 0}
  m_GameObject: {fileID: 1138936586}
  m_Enabled: 1
  m_EditorHideFlags: 0
  m_Script: {fileID: 11500000, guid: 45e653bab7fb20e499bda25e1b646fea, type: 3}
  m_Name: 
  m_EditorClassIdentifier: 
  m_ExcludedPropertiesInInspector:
  - m_Script
  - Header
  - Extensions
  - m_Priority
  - m_Transitions
  - m_Follow
  - m_StandbyUpdate
  - m_Lens
  m_LockStageInInspector: 00000000
  m_StreamingVersion: 20170927
  m_Priority: 10
  m_StandbyUpdate: 2
  m_LookAt: {fileID: 0}
  m_Follow: {fileID: 0}
  m_Lens:
    FieldOfView: 40
    OrthographicSize: 10
    NearClipPlane: 0.1
    FarClipPlane: 5000
    Dutch: 0
    LensShift: {x: 0, y: 0}
  m_Transitions:
    m_BlendHint: 0
    m_InheritPosition: 0
    m_OnCameraLive:
      m_PersistentCalls:
        m_Calls: []
  m_LegacyBlendHint: 0
  m_ComponentOwner: {fileID: 559579963}
--- !u!4 &1138936588
Transform:
  m_ObjectHideFlags: 3
  m_CorrespondingSourceObject: {fileID: 0}
  m_PrefabInstance: {fileID: 0}
  m_PrefabAsset: {fileID: 0}
  m_GameObject: {fileID: 1138936586}
  m_LocalRotation: {x: 0.098537646, y: 0.000000030570025, z: -0.0000000030270297, w: 0.99513334}
  m_LocalPosition: {x: 0, y: 0, z: 0}
  m_LocalScale: {x: 1, y: 1, z: 1}
  m_Children:
  - {fileID: 559579963}
  m_Father: {fileID: 1335861550}
  m_RootOrder: 0
  m_LocalEulerAnglesHint: {x: 0, y: 0, z: 0}
--- !u!1 &1335861548
GameObject:
  m_ObjectHideFlags: 0
  m_CorrespondingSourceObject: {fileID: 0}
  m_PrefabInstance: {fileID: 0}
  m_PrefabAsset: {fileID: 0}
  serializedVersion: 6
  m_Component:
  - component: {fileID: 1335861550}
  - component: {fileID: 1335861549}
  m_Layer: 0
  m_Name: CM FreeLook1
  m_TagString: Untagged
  m_Icon: {fileID: 0}
  m_NavMeshLayer: 0
  m_StaticEditorFlags: 0
  m_IsActive: 1
--- !u!114 &1335861549
MonoBehaviour:
  m_ObjectHideFlags: 0
  m_CorrespondingSourceObject: {fileID: 0}
  m_PrefabInstance: {fileID: 0}
  m_PrefabAsset: {fileID: 0}
  m_GameObject: {fileID: 1335861548}
  m_Enabled: 1
  m_EditorHideFlags: 0
  m_Script: {fileID: 11500000, guid: 319d2fe34a804e245819465c9505ea59, type: 3}
  m_Name: 
  m_EditorClassIdentifier: 
  m_ExcludedPropertiesInInspector:
  - m_Script
  m_LockStageInInspector: 
  m_StreamingVersion: 20170927
  m_Priority: 10
  m_StandbyUpdate: 2
  m_LookAt: {fileID: 711957662}
  m_Follow: {fileID: 711957662}
  m_CommonLens: 1
  m_Lens:
    FieldOfView: 40
    OrthographicSize: 10
    NearClipPlane: 0.1
    FarClipPlane: 5000
    Dutch: 0
    LensShift: {x: 0, y: 0}
  m_Transitions:
    m_BlendHint: 0
    m_InheritPosition: 0
    m_OnCameraLive:
      m_PersistentCalls:
        m_Calls: []
  m_LegacyBlendHint: 0
  m_YAxis:
    Value: 0
    m_SpeedMode: 0
    m_MaxSpeed: 20
    m_AccelTime: 0.2
    m_DecelTime: 0.1
    m_InputAxisName: Mouse Y
    m_InputAxisValue: 0
    m_InvertInput: 1
    m_MinValue: 0
    m_MaxValue: 1
    m_Wrap: 0
    m_Recentering:
      m_enabled: 0
      m_WaitTime: 1
      m_RecenteringTime: 2
      m_LegacyHeadingDefinition: -1
      m_LegacyVelocityFilterStrength: -1
  m_YAxisRecentering:
    m_enabled: 0
    m_WaitTime: 1
    m_RecenteringTime: 2
    m_LegacyHeadingDefinition: -1
    m_LegacyVelocityFilterStrength: -1
  m_XAxis:
    Value: 0
    m_SpeedMode: 0
    m_MaxSpeed: 500
    m_AccelTime: 0.1
    m_DecelTime: 0.1
    m_InputAxisName: Mouse X
    m_InputAxisValue: 0
    m_InvertInput: 0
    m_MinValue: -180
    m_MaxValue: 180
    m_Wrap: 1
    m_Recentering:
      m_enabled: 0
      m_WaitTime: 1
      m_RecenteringTime: 2
      m_LegacyHeadingDefinition: -1
      m_LegacyVelocityFilterStrength: -1
  m_Heading:
    m_Definition: 2
    m_VelocityFilterStrength: 4
    m_Bias: 0
  m_RecenterToTargetHeading:
    m_enabled: 0
    m_WaitTime: 1
    m_RecenteringTime: 2
    m_LegacyHeadingDefinition: -1
    m_LegacyVelocityFilterStrength: -1
  m_BindingMode: 4
  m_SplineCurvature: 0.2
  m_Orbits:
  - m_Height: 11.6
    m_Radius: 31.6
  - m_Height: 11.6
    m_Radius: 31.6
  - m_Height: 3
    m_Radius: 15
  m_LegacyHeadingBias: 3.4028235e+38
  m_Rigs:
  - {fileID: 1138936587}
  - {fileID: 284376676}
  - {fileID: 728594739}
--- !u!4 &1335861550
Transform:
  m_ObjectHideFlags: 0
  m_CorrespondingSourceObject: {fileID: 0}
  m_PrefabInstance: {fileID: 0}
  m_PrefabAsset: {fileID: 0}
  m_GameObject: {fileID: 1335861548}
  m_LocalRotation: {x: 0, y: 0, z: 0, w: 1}
  m_LocalPosition: {x: 0, y: 3, z: -15}
  m_LocalScale: {x: 1, y: 1, z: 1}
  m_Children:
  - {fileID: 1138936588}
  - {fileID: 284376677}
  - {fileID: 728594740}
  m_Father: {fileID: 0}
  m_RootOrder: 5
  m_LocalEulerAnglesHint: {x: 0, y: 0, z: 0}
--- !u!1 &1605427162 stripped
GameObject:
  m_CorrespondingSourceObject: {fileID: 919132149155446097, guid: 602aa68ce9a14244ba579e604dfdb0ce, type: 3}
  m_PrefabInstance: {fileID: 650110555}
  m_PrefabAsset: {fileID: 0}
--- !u!64 &1605427166
MeshCollider:
  m_ObjectHideFlags: 0
  m_CorrespondingSourceObject: {fileID: 0}
  m_PrefabInstance: {fileID: 0}
  m_PrefabAsset: {fileID: 0}
  m_GameObject: {fileID: 1605427162}
  m_Material: {fileID: 0}
  m_IsTrigger: 0
  m_Enabled: 1
  serializedVersion: 4
  m_Convex: 0
  m_CookingOptions: 30
  m_Mesh: {fileID: -462981019419857548, guid: 602aa68ce9a14244ba579e604dfdb0ce, type: 3}
--- !u!1 &1752202900 stripped
GameObject:
  m_CorrespondingSourceObject: {fileID: 919132149155446097, guid: 4324dfbe01f353a48ac508adf2220e6e, type: 3}
  m_PrefabInstance: {fileID: 664720079}
  m_PrefabAsset: {fileID: 0}
--- !u!95 &1752202901
Animator:
  serializedVersion: 3
  m_ObjectHideFlags: 0
  m_CorrespondingSourceObject: {fileID: 0}
  m_PrefabInstance: {fileID: 0}
  m_PrefabAsset: {fileID: 0}
  m_GameObject: {fileID: 1752202900}
  m_Enabled: 1
  m_Avatar: {fileID: 0}
  m_Controller: {fileID: 9100000, guid: 72f24b53fffce8749ad8ecd353454b61, type: 2}
  m_CullingMode: 0
  m_UpdateMode: 0
  m_ApplyRootMotion: 0
  m_LinearVelocityBlending: 0
  m_WarningMessage: 
  m_HasTransformHierarchy: 1
  m_AllowConstantClipSamplingOptimization: 1
  m_KeepAnimatorControllerStateOnDisable: 0
--- !u!65 &1752202903
BoxCollider:
  m_ObjectHideFlags: 0
  m_CorrespondingSourceObject: {fileID: 0}
  m_PrefabInstance: {fileID: 0}
  m_PrefabAsset: {fileID: 0}
  m_GameObject: {fileID: 1752202900}
  m_Material: {fileID: 0}
  m_IsTrigger: 0
  m_Enabled: 1
  serializedVersion: 2
  m_Size: {x: 3, y: 4, z: 6}
  m_Center: {x: 0, y: 3, z: 0}
--- !u!1001 &1814714043
PrefabInstance:
  m_ObjectHideFlags: 0
  serializedVersion: 2
  m_Modification:
    m_TransformParent: {fileID: 0}
    m_Modifications:
    - target: {fileID: -8679921383154817045, guid: a4923ef00b49cb54e8f6b00450a0c6d3, type: 3}
      propertyPath: m_RootOrder
      value: 4
      objectReference: {fileID: 0}
    - target: {fileID: -8679921383154817045, guid: a4923ef00b49cb54e8f6b00450a0c6d3, type: 3}
      propertyPath: m_LocalPosition.x
      value: 0
      objectReference: {fileID: 0}
    - target: {fileID: -8679921383154817045, guid: a4923ef00b49cb54e8f6b00450a0c6d3, type: 3}
      propertyPath: m_LocalPosition.y
      value: 0
      objectReference: {fileID: 0}
    - target: {fileID: -8679921383154817045, guid: a4923ef00b49cb54e8f6b00450a0c6d3, type: 3}
      propertyPath: m_LocalPosition.z
      value: 0
      objectReference: {fileID: 0}
    - target: {fileID: -8679921383154817045, guid: a4923ef00b49cb54e8f6b00450a0c6d3, type: 3}
      propertyPath: m_LocalRotation.w
      value: 1
      objectReference: {fileID: 0}
    - target: {fileID: -8679921383154817045, guid: a4923ef00b49cb54e8f6b00450a0c6d3, type: 3}
      propertyPath: m_LocalRotation.x
      value: 0
      objectReference: {fileID: 0}
    - target: {fileID: -8679921383154817045, guid: a4923ef00b49cb54e8f6b00450a0c6d3, type: 3}
      propertyPath: m_LocalRotation.y
      value: 0
      objectReference: {fileID: 0}
    - target: {fileID: -8679921383154817045, guid: a4923ef00b49cb54e8f6b00450a0c6d3, type: 3}
      propertyPath: m_LocalRotation.z
      value: 0
      objectReference: {fileID: 0}
    - target: {fileID: -8679921383154817045, guid: a4923ef00b49cb54e8f6b00450a0c6d3, type: 3}
      propertyPath: m_LocalEulerAnglesHint.x
      value: 0
      objectReference: {fileID: 0}
    - target: {fileID: -8679921383154817045, guid: a4923ef00b49cb54e8f6b00450a0c6d3, type: 3}
      propertyPath: m_LocalEulerAnglesHint.y
      value: 0
      objectReference: {fileID: 0}
    - target: {fileID: -8679921383154817045, guid: a4923ef00b49cb54e8f6b00450a0c6d3, type: 3}
      propertyPath: m_LocalEulerAnglesHint.z
      value: 0
      objectReference: {fileID: 0}
    - target: {fileID: -8222692971887294270, guid: a4923ef00b49cb54e8f6b00450a0c6d3, type: 3}
      propertyPath: m_LocalEulerAnglesHint.x
      value: 1.895
      objectReference: {fileID: 0}
    - target: {fileID: -8222692971887294270, guid: a4923ef00b49cb54e8f6b00450a0c6d3, type: 3}
      propertyPath: m_LocalEulerAnglesHint.y
      value: -0.00005536628
      objectReference: {fileID: 0}
    - target: {fileID: -8222692971887294270, guid: a4923ef00b49cb54e8f6b00450a0c6d3, type: 3}
      propertyPath: m_LocalEulerAnglesHint.z
      value: -0.0000617402
      objectReference: {fileID: 0}
    - target: {fileID: -7040493978338945939, guid: a4923ef00b49cb54e8f6b00450a0c6d3, type: 3}
      propertyPath: m_LocalEulerAnglesHint.x
      value: -67.53674
      objectReference: {fileID: 0}
    - target: {fileID: -7040493978338945939, guid: a4923ef00b49cb54e8f6b00450a0c6d3, type: 3}
      propertyPath: m_LocalEulerAnglesHint.y
      value: 16.783726
      objectReference: {fileID: 0}
    - target: {fileID: -7040493978338945939, guid: a4923ef00b49cb54e8f6b00450a0c6d3, type: 3}
      propertyPath: m_LocalEulerAnglesHint.z
      value: -46.74562
      objectReference: {fileID: 0}
    - target: {fileID: -5601408540850580574, guid: a4923ef00b49cb54e8f6b00450a0c6d3, type: 3}
      propertyPath: m_LocalEulerAnglesHint.x
      value: -1.4038397
      objectReference: {fileID: 0}
    - target: {fileID: -5601408540850580574, guid: a4923ef00b49cb54e8f6b00450a0c6d3, type: 3}
      propertyPath: m_LocalEulerAnglesHint.y
      value: -0.47045964
      objectReference: {fileID: 0}
    - target: {fileID: -5601408540850580574, guid: a4923ef00b49cb54e8f6b00450a0c6d3, type: 3}
      propertyPath: m_LocalEulerAnglesHint.z
      value: -0.7668304
      objectReference: {fileID: 0}
    - target: {fileID: -5291265150547294232, guid: a4923ef00b49cb54e8f6b00450a0c6d3, type: 3}
      propertyPath: m_LocalEulerAnglesHint.x
      value: -0.6249883
      objectReference: {fileID: 0}
    - target: {fileID: -5291265150547294232, guid: a4923ef00b49cb54e8f6b00450a0c6d3, type: 3}
      propertyPath: m_LocalEulerAnglesHint.y
      value: 0.71673125
      objectReference: {fileID: 0}
    - target: {fileID: -5291265150547294232, guid: a4923ef00b49cb54e8f6b00450a0c6d3, type: 3}
      propertyPath: m_LocalEulerAnglesHint.z
      value: 4.1987324
      objectReference: {fileID: 0}
    - target: {fileID: -5139208135098780698, guid: a4923ef00b49cb54e8f6b00450a0c6d3, type: 3}
      propertyPath: m_LocalEulerAnglesHint.x
      value: 1.8949995
      objectReference: {fileID: 0}
    - target: {fileID: -5139208135098780698, guid: a4923ef00b49cb54e8f6b00450a0c6d3, type: 3}
      propertyPath: m_LocalEulerAnglesHint.y
      value: 0.000054809872
      objectReference: {fileID: 0}
    - target: {fileID: -5139208135098780698, guid: a4923ef00b49cb54e8f6b00450a0c6d3, type: 3}
      propertyPath: m_LocalEulerAnglesHint.z
      value: 0.00006135181
      objectReference: {fileID: 0}
    - target: {fileID: -4857536605164077040, guid: a4923ef00b49cb54e8f6b00450a0c6d3, type: 3}
      propertyPath: m_LocalEulerAnglesHint.x
      value: 57.637943
      objectReference: {fileID: 0}
    - target: {fileID: -4857536605164077040, guid: a4923ef00b49cb54e8f6b00450a0c6d3, type: 3}
      propertyPath: m_LocalEulerAnglesHint.y
      value: -86.43474
      objectReference: {fileID: 0}
    - target: {fileID: -4857536605164077040, guid: a4923ef00b49cb54e8f6b00450a0c6d3, type: 3}
      propertyPath: m_LocalEulerAnglesHint.z
      value: -107.24753
      objectReference: {fileID: 0}
    - target: {fileID: -4666988421171395181, guid: a4923ef00b49cb54e8f6b00450a0c6d3, type: 3}
      propertyPath: m_LocalEulerAnglesHint.x
      value: 78.85752
      objectReference: {fileID: 0}
    - target: {fileID: -4666988421171395181, guid: a4923ef00b49cb54e8f6b00450a0c6d3, type: 3}
      propertyPath: m_LocalEulerAnglesHint.y
      value: -137.4157
      objectReference: {fileID: 0}
    - target: {fileID: -4666988421171395181, guid: a4923ef00b49cb54e8f6b00450a0c6d3, type: 3}
      propertyPath: m_LocalEulerAnglesHint.z
      value: -142.90887
      objectReference: {fileID: 0}
    - target: {fileID: -4019478155625467526, guid: a4923ef00b49cb54e8f6b00450a0c6d3, type: 3}
      propertyPath: m_LocalEulerAnglesHint.x
      value: -2.5052295
      objectReference: {fileID: 0}
    - target: {fileID: -4019478155625467526, guid: a4923ef00b49cb54e8f6b00450a0c6d3, type: 3}
      propertyPath: m_LocalEulerAnglesHint.y
      value: 1.22311
      objectReference: {fileID: 0}
    - target: {fileID: -4019478155625467526, guid: a4923ef00b49cb54e8f6b00450a0c6d3, type: 3}
      propertyPath: m_LocalEulerAnglesHint.z
      value: 132.09866
      objectReference: {fileID: 0}
    - target: {fileID: -3892309730270985410, guid: a4923ef00b49cb54e8f6b00450a0c6d3, type: 3}
      propertyPath: m_LocalEulerAnglesHint.x
      value: 31.910864
      objectReference: {fileID: 0}
    - target: {fileID: -3892309730270985410, guid: a4923ef00b49cb54e8f6b00450a0c6d3, type: 3}
      propertyPath: m_LocalEulerAnglesHint.y
      value: 1.1732053
      objectReference: {fileID: 0}
    - target: {fileID: -3892309730270985410, guid: a4923ef00b49cb54e8f6b00450a0c6d3, type: 3}
      propertyPath: m_LocalEulerAnglesHint.z
      value: 3.5224257
      objectReference: {fileID: 0}
    - target: {fileID: -3678112368041073019, guid: a4923ef00b49cb54e8f6b00450a0c6d3, type: 3}
      propertyPath: m_LocalEulerAnglesHint.x
      value: -10.608625
      objectReference: {fileID: 0}
    - target: {fileID: -3678112368041073019, guid: a4923ef00b49cb54e8f6b00450a0c6d3, type: 3}
      propertyPath: m_LocalEulerAnglesHint.y
      value: -0.3991071
      objectReference: {fileID: 0}
    - target: {fileID: -3678112368041073019, guid: a4923ef00b49cb54e8f6b00450a0c6d3, type: 3}
      propertyPath: m_LocalEulerAnglesHint.z
      value: 4.3520346
      objectReference: {fileID: 0}
    - target: {fileID: -2468185199286241947, guid: a4923ef00b49cb54e8f6b00450a0c6d3, type: 3}
      propertyPath: m_LocalEulerAnglesHint.x
      value: 60.64704
      objectReference: {fileID: 0}
    - target: {fileID: -2468185199286241947, guid: a4923ef00b49cb54e8f6b00450a0c6d3, type: 3}
      propertyPath: m_LocalEulerAnglesHint.y
      value: -4.33553
      objectReference: {fileID: 0}
    - target: {fileID: -2468185199286241947, guid: a4923ef00b49cb54e8f6b00450a0c6d3, type: 3}
      propertyPath: m_LocalEulerAnglesHint.z
      value: 178.7731
      objectReference: {fileID: 0}
    - target: {fileID: -2064977800193704528, guid: a4923ef00b49cb54e8f6b00450a0c6d3, type: 3}
      propertyPath: m_LocalEulerAnglesHint.x
      value: 10.924282
      objectReference: {fileID: 0}
    - target: {fileID: -2064977800193704528, guid: a4923ef00b49cb54e8f6b00450a0c6d3, type: 3}
      propertyPath: m_LocalEulerAnglesHint.y
      value: 29.893517
      objectReference: {fileID: 0}
    - target: {fileID: -2064977800193704528, guid: a4923ef00b49cb54e8f6b00450a0c6d3, type: 3}
      propertyPath: m_LocalEulerAnglesHint.z
      value: -4.604401
      objectReference: {fileID: 0}
    - target: {fileID: -275981912537763910, guid: a4923ef00b49cb54e8f6b00450a0c6d3, type: 3}
      propertyPath: m_LocalEulerAnglesHint.x
      value: 2.8309064
      objectReference: {fileID: 0}
    - target: {fileID: -275981912537763910, guid: a4923ef00b49cb54e8f6b00450a0c6d3, type: 3}
      propertyPath: m_LocalEulerAnglesHint.y
      value: -22.456636
      objectReference: {fileID: 0}
    - target: {fileID: -275981912537763910, guid: a4923ef00b49cb54e8f6b00450a0c6d3, type: 3}
      propertyPath: m_LocalEulerAnglesHint.z
      value: 4.235018
      objectReference: {fileID: 0}
    - target: {fileID: 787957139277191511, guid: a4923ef00b49cb54e8f6b00450a0c6d3, type: 3}
      propertyPath: m_LocalEulerAnglesHint.x
      value: 76.09425
      objectReference: {fileID: 0}
    - target: {fileID: 787957139277191511, guid: a4923ef00b49cb54e8f6b00450a0c6d3, type: 3}
      propertyPath: m_LocalEulerAnglesHint.y
      value: -167.67764
      objectReference: {fileID: 0}
    - target: {fileID: 787957139277191511, guid: a4923ef00b49cb54e8f6b00450a0c6d3, type: 3}
      propertyPath: m_LocalEulerAnglesHint.z
      value: -168.17334
      objectReference: {fileID: 0}
    - target: {fileID: 807526083119329823, guid: a4923ef00b49cb54e8f6b00450a0c6d3, type: 3}
      propertyPath: m_LocalEulerAnglesHint.x
      value: 2.9019077
      objectReference: {fileID: 0}
    - target: {fileID: 807526083119329823, guid: a4923ef00b49cb54e8f6b00450a0c6d3, type: 3}
      propertyPath: m_LocalEulerAnglesHint.y
      value: -19.32127
      objectReference: {fileID: 0}
    - target: {fileID: 807526083119329823, guid: a4923ef00b49cb54e8f6b00450a0c6d3, type: 3}
      propertyPath: m_LocalEulerAnglesHint.z
      value: 156.37729
      objectReference: {fileID: 0}
    - target: {fileID: 919132149155446097, guid: a4923ef00b49cb54e8f6b00450a0c6d3, type: 3}
      propertyPath: m_Name
      value: lenador
      objectReference: {fileID: 0}
    - target: {fileID: 1035596612423214250, guid: a4923ef00b49cb54e8f6b00450a0c6d3, type: 3}
      propertyPath: m_LocalEulerAnglesHint.x
      value: 22.57219
      objectReference: {fileID: 0}
    - target: {fileID: 1035596612423214250, guid: a4923ef00b49cb54e8f6b00450a0c6d3, type: 3}
      propertyPath: m_LocalEulerAnglesHint.y
      value: 113.31894
      objectReference: {fileID: 0}
    - target: {fileID: 1035596612423214250, guid: a4923ef00b49cb54e8f6b00450a0c6d3, type: 3}
      propertyPath: m_LocalEulerAnglesHint.z
      value: -174.12984
      objectReference: {fileID: 0}
    - target: {fileID: 1235095553294795339, guid: a4923ef00b49cb54e8f6b00450a0c6d3, type: 3}
      propertyPath: m_LocalEulerAnglesHint.x
      value: 31.585466
      objectReference: {fileID: 0}
    - target: {fileID: 1235095553294795339, guid: a4923ef00b49cb54e8f6b00450a0c6d3, type: 3}
      propertyPath: m_LocalEulerAnglesHint.y
      value: -3.7739
      objectReference: {fileID: 0}
    - target: {fileID: 1235095553294795339, guid: a4923ef00b49cb54e8f6b00450a0c6d3, type: 3}
      propertyPath: m_LocalEulerAnglesHint.z
      value: -0.9486761
      objectReference: {fileID: 0}
    - target: {fileID: 2307563537585429812, guid: a4923ef00b49cb54e8f6b00450a0c6d3, type: 3}
      propertyPath: m_LocalEulerAnglesHint.x
      value: 89.980225
      objectReference: {fileID: 0}
    - target: {fileID: 2307563537585429812, guid: a4923ef00b49cb54e8f6b00450a0c6d3, type: 3}
      propertyPath: m_LocalEulerAnglesHint.y
      value: 0
      objectReference: {fileID: 0}
    - target: {fileID: 2307563537585429812, guid: a4923ef00b49cb54e8f6b00450a0c6d3, type: 3}
      propertyPath: m_LocalEulerAnglesHint.z
      value: 0
      objectReference: {fileID: 0}
    - target: {fileID: 2659779498316698824, guid: a4923ef00b49cb54e8f6b00450a0c6d3, type: 3}
      propertyPath: m_LocalEulerAnglesHint.x
      value: 59.03162
      objectReference: {fileID: 0}
    - target: {fileID: 2659779498316698824, guid: a4923ef00b49cb54e8f6b00450a0c6d3, type: 3}
      propertyPath: m_LocalEulerAnglesHint.y
      value: 85.10319
      objectReference: {fileID: 0}
    - target: {fileID: 2659779498316698824, guid: a4923ef00b49cb54e8f6b00450a0c6d3, type: 3}
      propertyPath: m_LocalEulerAnglesHint.z
      value: -29.951149
      objectReference: {fileID: 0}
    - target: {fileID: 6402183063635856827, guid: a4923ef00b49cb54e8f6b00450a0c6d3, type: 3}
      propertyPath: m_LocalEulerAnglesHint.x
      value: -0.62498826
      objectReference: {fileID: 0}
    - target: {fileID: 6402183063635856827, guid: a4923ef00b49cb54e8f6b00450a0c6d3, type: 3}
      propertyPath: m_LocalEulerAnglesHint.y
      value: -0.716734
      objectReference: {fileID: 0}
    - target: {fileID: 6402183063635856827, guid: a4923ef00b49cb54e8f6b00450a0c6d3, type: 3}
      propertyPath: m_LocalEulerAnglesHint.z
      value: -4.1987357
      objectReference: {fileID: 0}
    - target: {fileID: 7090720545999744149, guid: a4923ef00b49cb54e8f6b00450a0c6d3, type: 3}
      propertyPath: m_LocalEulerAnglesHint.x
      value: 65.78935
      objectReference: {fileID: 0}
    - target: {fileID: 7090720545999744149, guid: a4923ef00b49cb54e8f6b00450a0c6d3, type: 3}
      propertyPath: m_LocalEulerAnglesHint.y
      value: -4.3356967
      objectReference: {fileID: 0}
    - target: {fileID: 7090720545999744149, guid: a4923ef00b49cb54e8f6b00450a0c6d3, type: 3}
      propertyPath: m_LocalEulerAnglesHint.z
      value: 176.39108
      objectReference: {fileID: 0}
    - target: {fileID: 7885578690694819607, guid: a4923ef00b49cb54e8f6b00450a0c6d3, type: 3}
      propertyPath: m_LocalEulerAnglesHint.x
      value: -2.5335631
      objectReference: {fileID: 0}
    - target: {fileID: 7885578690694819607, guid: a4923ef00b49cb54e8f6b00450a0c6d3, type: 3}
      propertyPath: m_LocalEulerAnglesHint.y
      value: 29.65172
      objectReference: {fileID: 0}
    - target: {fileID: 7885578690694819607, guid: a4923ef00b49cb54e8f6b00450a0c6d3, type: 3}
      propertyPath: m_LocalEulerAnglesHint.z
      value: 12.931383
      objectReference: {fileID: 0}
    - target: {fileID: 8151891900612865947, guid: a4923ef00b49cb54e8f6b00450a0c6d3, type: 3}
      propertyPath: m_LocalEulerAnglesHint.x
      value: 1.6940384
      objectReference: {fileID: 0}
    - target: {fileID: 8151891900612865947, guid: a4923ef00b49cb54e8f6b00450a0c6d3, type: 3}
      propertyPath: m_LocalEulerAnglesHint.y
      value: 2.5999947
      objectReference: {fileID: 0}
    - target: {fileID: 8151891900612865947, guid: a4923ef00b49cb54e8f6b00450a0c6d3, type: 3}
      propertyPath: m_LocalEulerAnglesHint.z
      value: -47.088787
      objectReference: {fileID: 0}
    - target: {fileID: 8355315982317620133, guid: a4923ef00b49cb54e8f6b00450a0c6d3, type: 3}
      propertyPath: m_LocalEulerAnglesHint.x
      value: -17.524532
      objectReference: {fileID: 0}
    - target: {fileID: 8355315982317620133, guid: a4923ef00b49cb54e8f6b00450a0c6d3, type: 3}
      propertyPath: m_LocalEulerAnglesHint.y
      value: -30.651386
      objectReference: {fileID: 0}
    - target: {fileID: 8355315982317620133, guid: a4923ef00b49cb54e8f6b00450a0c6d3, type: 3}
      propertyPath: m_LocalEulerAnglesHint.z
      value: -0.77572334
      objectReference: {fileID: 0}
    - target: {fileID: 8606825459054431158, guid: a4923ef00b49cb54e8f6b00450a0c6d3, type: 3}
      propertyPath: m_LocalEulerAnglesHint.x
      value: -12.397136
      objectReference: {fileID: 0}
    - target: {fileID: 8606825459054431158, guid: a4923ef00b49cb54e8f6b00450a0c6d3, type: 3}
      propertyPath: m_LocalEulerAnglesHint.y
      value: 94.33965
      objectReference: {fileID: 0}
    - target: {fileID: 8606825459054431158, guid: a4923ef00b49cb54e8f6b00450a0c6d3, type: 3}
      propertyPath: m_LocalEulerAnglesHint.z
      value: -114.27541
      objectReference: {fileID: 0}
    m_RemovedComponents: []
  m_SourcePrefab: {fileID: 100100000, guid: a4923ef00b49cb54e8f6b00450a0c6d3, type: 3}
--- !u!1 &2130894218
GameObject:
  m_ObjectHideFlags: 0
  m_CorrespondingSourceObject: {fileID: 0}
  m_PrefabInstance: {fileID: 0}
  m_PrefabAsset: {fileID: 0}
  serializedVersion: 6
  m_Component:
  - component: {fileID: 2130894219}
  - component: {fileID: 2130894222}
  - component: {fileID: 2130894221}
  - component: {fileID: 2130894220}
  m_Layer: 0
  m_Name: AtacaJugadorCollider
  m_TagString: AtaqueJugador
  m_Icon: {fileID: 0}
  m_NavMeshLayer: 0
  m_StaticEditorFlags: 0
  m_IsActive: 0
--- !u!4 &2130894219
Transform:
  m_ObjectHideFlags: 0
  m_CorrespondingSourceObject: {fileID: 0}
  m_PrefabInstance: {fileID: 0}
  m_PrefabAsset: {fileID: 0}
  m_GameObject: {fileID: 2130894218}
  m_LocalRotation: {x: 0, y: 0, z: 0, w: 1}
  m_LocalPosition: {x: -1.34, y: 4.41, z: 3.824}
  m_LocalScale: {x: 1, y: 1, z: 1}
  m_Children: []
  m_Father: {fileID: 711957662}
  m_RootOrder: 3
  m_LocalEulerAnglesHint: {x: 0, y: 0, z: 0}
--- !u!135 &2130894220
SphereCollider:
  m_ObjectHideFlags: 0
  m_CorrespondingSourceObject: {fileID: 0}
  m_PrefabInstance: {fileID: 0}
  m_PrefabAsset: {fileID: 0}
  m_GameObject: {fileID: 2130894218}
  m_Material: {fileID: 0}
  m_IsTrigger: 1
  m_Enabled: 1
  serializedVersion: 2
  m_Radius: 1
  m_Center: {x: 0, y: 0, z: 0}
--- !u!23 &2130894221
MeshRenderer:
  m_ObjectHideFlags: 0
  m_CorrespondingSourceObject: {fileID: 0}
  m_PrefabInstance: {fileID: 0}
  m_PrefabAsset: {fileID: 0}
  m_GameObject: {fileID: 2130894218}
  m_Enabled: 0
  m_CastShadows: 1
  m_ReceiveShadows: 1
  m_DynamicOccludee: 1
  m_MotionVectors: 1
  m_LightProbeUsage: 1
  m_ReflectionProbeUsage: 1
  m_RayTracingMode: 2
  m_RayTraceProcedural: 0
  m_RenderingLayerMask: 1
  m_RendererPriority: 0
  m_Materials:
  - {fileID: 10303, guid: 0000000000000000f000000000000000, type: 0}
  m_StaticBatchInfo:
    firstSubMesh: 0
    subMeshCount: 0
  m_StaticBatchRoot: {fileID: 0}
  m_ProbeAnchor: {fileID: 0}
  m_LightProbeVolumeOverride: {fileID: 0}
  m_ScaleInLightmap: 1
  m_ReceiveGI: 1
  m_PreserveUVs: 0
  m_IgnoreNormalsForChartDetection: 0
  m_ImportantGI: 0
  m_StitchLightmapSeams: 1
  m_SelectedEditorRenderState: 3
  m_MinimumChartSize: 4
  m_AutoUVMaxDistance: 0.5
  m_AutoUVMaxAngle: 89
  m_LightmapParameters: {fileID: 0}
  m_SortingLayerID: 0
  m_SortingLayer: 0
  m_SortingOrder: 0
  m_AdditionalVertexStreams: {fileID: 0}
--- !u!33 &2130894222
MeshFilter:
  m_ObjectHideFlags: 0
  m_CorrespondingSourceObject: {fileID: 0}
  m_PrefabInstance: {fileID: 0}
  m_PrefabAsset: {fileID: 0}
  m_GameObject: {fileID: 2130894218}
  m_Mesh: {fileID: 10207, guid: 0000000000000000e000000000000000, type: 0}
